@article{martinez2025improved,
  author    = {E. Martinez-Martin and A. Fern√°ndez-Caballero},
  title     = {Improved human emotion recognition from body and hand pose landmarks on the GEMEP dataset using machine learning},
  journal   = {Expert Systems with Applications},
  volume    = {269},
  year      = {2025},
  month     = apr,
  doi       = {10.1016/j.eswa.2025.126427}
}

@article{husna2025investigation,
  author    = {R. Husna and K. C. Brata and I. T. Anggraini and N. Funabiki and A. A. Rahmadani and C. P. Fan},
  title     = {An Investigation of Hand Gestures for Controlling Video Games in a Rehabilitation Exergame System},
  journal   = {Computers},
  volume    = {14},
  number    = {1},
  year      = {2025},
  month     = jan,
  doi       = {10.3390/computers14010025}
}

@article{nuralin2024realtime,
  author    = {M. Nuralin and Y. Daineko and S. Aljawarneh and D. Tsoy and M. Ipalakova},
  title     = {The real-time hand and object recognition for virtual interaction},
  journal   = {PeerJ Computer Science},
  volume    = {10},
  year      = {2024},
  doi       = {10.7717/peerj-cs.2110}
}

@online{rskylndy2023,
  author       = {{rskylndy}},
  title        = {TikTok Video},
  year         = {2023},
  url          = {https://www.tiktok.com/@rskylndy/video/7070899851210362138?lang=en},
  note         = {Accessed: 2025-05-31}
}

@online{charo_lyn2023,
  author       = {{charo\_lyn}},
  title        = {TikTok Video},
  year         = {2023},
  url          = {https://www.tiktok.com/@charo_lyn/video/7381555612909358342?lang=en},
  note         = {Accessed: 2025-05-31}
}

@online{mashhaimian2023,
  author       = {{mashhaimian}},
  title        = {TikTok Video},
  year         = {2023},
  url          = {http://tiktok.com/@mashhaimian/video/7039913985302465797?lang=en},
  note         = {Accessed: 2025-05-31}
}

